
@article{wendelstein_seeing,
	author = "Hopp, U. and Bender, R. and Gössl, C. and Mitsch, W. and Barwig, H. and Riffeser, A. and Lang, F. and Wilke, S. and Ries, C. and Grupp, F. and Relke, H.",
    year = "2008",
    title = "Improving the Wendelstein Observatory for a 2m-class telescope",
    journal = "Proceedings of the SPIE",
    volume = "7016"
}

@article{mi_norm,
	author = "Strehl, Alexander and Ghosh, Joydeep",
    year ="2002",
    title = "Cluster Ensembles - A Knowledge Reuse Framework for Combining Multiple Partitions",
    journal = "The Journal of Machine Learning Research",
    volume = "3",
    pages = "583--617"
}

@article{mi_corr,
	author = "Wential Li",
    year = "1990",
    title = "Mutual information functions versus correlation functions",
    journal = "J. Stat. Phys.",
    volume = "60",
	pages = "823--837"
}

@book{optical_engineering,
	author = "Warren J. Smith",
    year = "2008",
    title = "Modern Optical Enginerring",
    edition = "4",
    publisher = "McGwar-Hill Professional"
}

@article{noll,
	author = "Noll, R.J.",
    title = "Zernike polynomials and atmospheric turbulence",
    journal = "J. Opt. Soc. Am.",
    volume = "66",
    pages = "207--211"
}

@article{wwfi,
	author = "Gössl, C. and Bender, R. and Grupp, F. and Hopp, U. and Lang-Bardl, F. and Mitsch, W. and Altmann, W. and Ayres, A. and Clark, S. and Hartl, M. and Kampf, D. and Sims, G. and Thiele, H. and Toerne, K.",
    title = "A 64 Mpixel camera for the Wendelstein Fraunhofer Telescope Nasmyth wide-field port: WWFI",
    year = "2010",
    journal = "Proceedings of the SPIE",
    volume = "7735"
}

@article{fraunhofer,
	author = "Hopp, U. and Bender, R. and Grupp, F. and Barwig, H. and Gössl, C. and Lang-Bardl, F. and Mitsch, W. and Thiele, H. and Aniol, P. and Schmidt, M. and Hartl, M. and Kampf, D. and Schöggl, R.",
    title = "The compact, low scattered-light 2m Wendelstein Fraunhofer Telescope",
    journal = "Proceedings of the SPIE",
    volume = "7733",
    year = "2012",
}

@article{commissioning,
	author		= "Ulrich Hopp and Ralf Bender and Frank Grupp and Claus Gössl and Florian Lang-Bardl and Wolfgang Mitsch and Arno Riffeser and Nancy Ageorges",
	title		= "Comissioning and Science Verification of the 2m-Fraunhofer Wendelstein Telescope",
	journal	    = "Proceedings of the SPIE",
    year        = "2014",
	volume		= "9145"
}

@misc{rc_telescope,
	author = "ArtMechanic",
    howpublished = {CC BY-SA 3.0,  \url{https://commons.wikimedia.org/w/index.php?curid=324287}},
	note = {Abgerufen am 20. Juni 2016}
}

@misc{wendelstein,
  title = {Das Wendelstein Observatorium},
  howpublished = {\url{http://www.wendelstein-observatorium.de:8002}},
  note = {Abgerufen am 20. Juni 2016}
}

@article{aufruestung,
  author    = "Hopp, U. and Barwig, H. and Bender, R.",
  title     = "Friedliche Aufrüstung auf dem Wendelstein",
  journal   = "Sterne und Weltraum",
  year      = "2008",
  volume    = "4",
  pages     = "18--20"
}

@article{donut,
  author    = "A. Tokovinin and S. Heathcote",
  title     = "Donut: Measuring Optical Aberrations from a Single Extrafocal Image",
  journal   = "Publications of the Astronomical Society of the Pacific",
  year      = "2006              ",
  volume    = "118               ",
  pages     = "1165--1175        "
}

@article{surface,
  author      = "P. Dierckx",
  title       = "An Algorithm for Surface-Fitting with Spline Functions",
  journal     = "IMA Journal of Numerical Analysis",
  volume      = "1",
  pages       = "267--283",
  year        = "1981"
}

@article{b-splines,
    author    = "Carl {De Boor}",
    title     = "On Calculating with B-Splines",
    journal   = "Journal of Approximation Theory",
    volume    = "6",
    year      = "1972",
    pages     = "50--62"
}

@manual{tsi,
	title		 = "TSI User Manual",
    note         = "Version 1.99 Revision 156",
    month        = "März",
    year         = "2015",
	author		 = "Michael Ruder",
	organization = "tau-tec GmbH"
}